@article{2006Extreme,
  title={Extreme learning machine: Theory and applications},
  author={ Huang, Guang Bin  and  Zhu, Qin Yu  and  Siew, Chee Kheong },
  journal={Neurocomputing},
  volume={70},
  number={1/3},
  pages={489-501},
  year={2006},
}

@article{1995Support,
  title={Support-Vector Networks},
  author={ Cortes, Corinna  and  Vapnik, Vladimir },
  journal={Machine Learning},
  volume={20},
  number={3},
  pages={273-297},
  year={1995},
}
